<?xml version="1.0" encoding="UTF-8"?>
<collection><record><leader>00767nam a2200253 a 4500</leader><controlfield tag="005">20191212135713.0</controlfield><controlfield tag="008">920226s1992    njua          001 0 eng</controlfield><controlfield tag="001">222222222</controlfield><datafield tag="010" ind1=" " ind2=" "><subfield code="a">90049516 /MN</subfield></datafield><datafield tag="020" ind1=" " ind2=" "><subfield code="a">0136398731 :</subfield><subfield code="c">$45.00</subfield><subfield code="0">(uri) http://www.isbnsearch.org/isbn/0136398731</subfield></datafield><datafield tag="035" ind1=" " ind2=" "><subfield code="a">ocm22494111</subfield></datafield><datafield tag="035" ind1=" " ind2=" "><subfield code="a">(OCoLC)38915</subfield><subfield code="0">(uri) http://www.worldcat.org/oclc/38915</subfield></datafield><datafield tag="040" ind1=" " ind2=" "><subfield code="a">DLC</subfield><subfield code="c">DLC</subfield><subfield code="d">SHC</subfield></datafield><datafield tag="049" ind1=" " ind2=" "><subfield code="a">SHCM</subfield></datafield><datafield tag="050" ind1="0" ind2="0"><subfield code="a">MT182</subfield><subfield code="b">.R6 1992</subfield></datafield><datafield tag="082" ind1="0" ind2="0"><subfield code="a">786.5/193</subfield><subfield code="2">20</subfield></datafield><datafield tag="100" ind1="1" ind2=" "><subfield code="a">Ritchie, George,</subfield><subfield code="d">1942-</subfield></datafield><datafield tag="245" ind1="1" ind2="0"><subfield code="a">Organ technique :</subfield><subfield code="b">modern and early /</subfield><subfield code="c">George Ritchie, George Stauffer.</subfield></datafield><datafield tag="260" ind1=" " ind2=" "><subfield code="a">Englewood Cliffs, N.J. :</subfield><subfield code="b">Prentice Hall,</subfield><subfield code="c">c1992.</subfield></datafield><datafield tag="300" ind1=" " ind2=" "><subfield code="a">xv, 382 p. :</subfield><subfield code="b">ill. ;</subfield><subfield code="c">29 cm.</subfield></datafield><datafield tag="500" ind1=" " ind2=" "><subfield code="a">Includes index.</subfield></datafield><datafield tag="590" ind1=" " ind2=" "><subfield code="a">$47.58  B&amp;T  4-26-94  (Davis)  RAB</subfield></datafield><datafield tag="650" ind1=" " ind2="0"><subfield code="a">Organ</subfield><subfield code="x">Methods.</subfield></datafield><datafield tag="700" ind1="1" ind2=" "><subfield code="a">Stauffer, George B.,</subfield><subfield code="d">1947-</subfield></datafield><datafield tag="950" ind1=" " ind2=" "><subfield code="c">2019-12-12 14:57:13 US/Eastern</subfield><subfield code="b">2011-12-17 16:50:32 US/Eastern</subfield><subfield code="a">false</subfield></datafield><datafield tag="852" ind1="0" ind2=" "><subfield code="b">MUS</subfield><subfield code="c">music</subfield><subfield code="h">MT182</subfield><subfield code="i">.R6 1992</subfield><subfield code="8">225650860000541</subfield></datafield><datafield tag="952" ind1=" " ind2=" "><subfield code="d">2011-12-17 21:50:32</subfield><subfield code="8">225650860000541</subfield><subfield code="a">2011-12-17 21:50:32</subfield><subfield code="b">Music Library</subfield><subfield code="c">Stacks</subfield><subfield code="e">false</subfield></datafield><datafield tag="876" ind1=" " ind2=" "><subfield code="0">225650860000541</subfield><subfield code="a">235650850000541</subfield><subfield code="j">1</subfield><subfield code="i">0</subfield><subfield code="d">2011-12-17 21:50:32</subfield><subfield code="h">MT182 .R6 1992</subfield><subfield code="p">18635</subfield><subfield code="t">0</subfield></datafield></record></collection>
